%%%%%%%%%%%%%%%%%%%%%%%%%%%%%%%%%%%%%%%%%%%%%%%%%%%%%%%%%%%%%%%%%%%%%%%%%%%%%%%%%%%
%%%%%%%%%%%% Début des références sur les dictionnaires électroniques %%%%%%%%%%%%%
%%%%%%%%%%%%%%%%%%%%%%%%%%%%%%%%%%%%%%%%%%%%%%%%%%%%%%%%%%%%%%%%%%%%%%%%%%%%%%%%%%%

@INCOLLECTION{gross1994,
   author = "Maurice {\textsc{Gross}}",
   title = "Constructing Lexicon-grammars",
   booktitle = "Computational Approaches to the Lexicon",
   editor = "Atkins and Zampolli",
   publisher = "Oxford Univ. Press",
   pages = {213--263},
   year = "1994"
}


@INCOLLECTION{gross1994b,
   author = "Maurice {\textsc{Gross}}",
   title = "The Lexicon-Grammar of a Language: Application to French",
   booktitle = "The Encyclopedia of Language and Linguistics",
   editor = "R.E. Asher",
   publisher = "Oxford/NewYork/Seoul/Tokyo: Pergamon",
   volume = {4},
   pages = {2195--2205},
   year = "1994"
}


@INCOLLECTION{gross1991,
   author = "Maurice {\textsc{Gross}}",
   title = "Linguistic representations and text analysis",
   booktitle = "Linguistic Unity and Linguistic Diversity in Europe",
   publisher = "London: Academia Europaea",
   pages = {31--61},
   year = "1991"
}


@INCOLLECTION{gross1986,
   author = "Maurice {\textsc{Gross}}",
   title = "Methods and Tactics in the Construction of a Lexicon-Grammar",
   booktitle = "Linguistics in the Morning Calm 2, Selected papers from SICOL",
   publisher = "Seoul: Hanshin",
   pages = {177--197},
   year = "1986"
}


@InProceedings{gross1984,
  author    = "Maurice {\textsc{Gross}}",
  title     = "A linguistic environment for comparative Romance syntax",
  booktitle = "Papers from the XIIth Linguistic Symposium on Romance Languages",
  series    = "Amsterdam studies in the theory and history of linguistic science",
  volume    = "IV(26)",
  editor    = "Ph. Baldi",
  publisher = "Amsterdam/Philadelphia: Benjamins",
  year      = {1984},
  pages     = {373--446}
}


@InProceedings{gross1984b,
  author    = "Maurice {\textsc{Gross}}",
  title     = "Lexicon-Grammar and the Syntactic Analysis of French",
  booktitle = "Proceedings of the 10 th International Conference on Computational Linguistics (COLING'84)",
  publisher = "Stanford, California",
  year      = {1984}
}


@ARTICLE{gross1983,
   author = "Maurice {\textsc{Gross}}",
   title =  "On structuring the lexicon",
   journal = "Quaderni di Semantica",
   year = 1983,
   volume = 4,
   number = 1,
   pages = "107--120"
}


@InProceedings{gross1982,
  author    = "Maurice {\textsc{Gross}}",
  title     = "Simple sentences. {Discussion} of {Fred} {W.} {Householder}'s paper (Analysis, synthesis and improvisation)",
  booktitle = "Text Processing, Proceedings of Nobel Symposium 51",
  editor    = "Sture Allen",
  publisher = "Stockholm:Almqvist Wiksell",
  year      = {1982},
  pages     = {297-315}
}


@ARTICLE{gross1978,
   author = "Maurice {\textsc{Gross}}",
   title =  "Taxonomy in syntax",
   journal = "SMIL, Journal of Linguistic Calculus",
   year = 1978,
   volume = "3-4",
   publisher = "Stockholm: Skriptor",
   pages = "73--96"
}


@InProceedings{leclere2005,
  author    = "Christian {\textsc{Lecl\`ere}}",
  title     = "The lexicon-grammar of French verbs: a syntactic database",
  booktitle = "Linguistic Informatics - State of the Art and the Future",
  editor    = "Kawaguchi Y. et alii",
  publisher = "Amsterdam/Philadelphia: Benjamins",
  year      = {2005},
  pages     = {29--45}
}


@InProceedings{salkoff2004,
  author    = "Morris {\textsc{Salkoff}}",
  title     = "Verbs of mental states",
  booktitle = "Lexique, syntaxe et lexique-grammaire. Papers in honour of Maurice Gross",
  series    = "Lingvisticæ Investigationes Supplementa",
  volume    = "24",
  publisher = "Amsterdam/Philadelphia: Benjamins",
  year      = {2004},
  pages     = {561--571}
}


@ARTICLE{giry1978,
   author = "Jacqueline {\textsc{Giry}}-{\textsc{Schneider}}",
   title =  "Syntax and lexicon: Blessure (wound), Noeud (knot), Caresse (caress)...",
   journal = "SMIL, Journal of Linguistic Calculus",
   year = 1978,
   volume = "3-4",
   publisher = "Stockholm: Skriptor",
   pages = "55--72"
}


@INCOLLECTION{gross1976,
   author = "Maurice {\textsc{Gross}}",
   title  = "Sur quelques groupes nominaux complexes",
   booktitle = "M\'ethodes en grammaire française",
   editor    = "J.-C. Chevalier et M. Gross",
   publisher = "Paris: Klincksieck",
   pages = {97--119},
   year = "1976"
}


@ARTICLE{ranchhod2001,
   author = "Elisabete {\textsc{Ranchhod}}",
   title = "Probl\`emes de traduction automatique des constructions \`a verbes supports",
   journal = "Lingvisticæ Investigationes",
   year = 2001,
   volume = 23,
   number = 2,
   pages = "253--267",
   note = "Amsterdam-Philadelphia : John Benjamins Publishing Company"
}


@ARTICLE{ranchhod1996,
   author = "Elisabete {\textsc{Ranchhod}} and Michele {\textsc{De Gioia}}",
   title = "Comparative Romance syntax. Frozen adverbs in Italian and in Portuguese",
   journal = "Lingvisticæ Investigationes",
   year = 1996,
   volume = 20,
   number = 1,
   pages = "33--85",
   note = "Amsterdam-Philadelphia : John Benjamins Publishing Company"
}


@ARTICLE{ranchhod1991,
   author = "Elisabete {\textsc{Ranchhod}}",
   title = "Frozen adverbs. Comparative forms como C in Portuguese",
   journal = "Lingvisticæ Investigationes",
   year = 1991,
   volume = 15,
   number = 1,
   pages = "141--170",
   note = "Amsterdam-Philadelphia : John Benjamins Publishing Company"
}


@InProceedings{gross1986b,
  author    = "Maurice {\textsc{Gross}}",
  title     = "Lexicon-Grammar. The Representation of Compound Words",
  booktitle = "COLING-1986 Proceedings",
  publisher = "Bonn",
  year      = {1986},
  pages     = {1--6}
}


@ARTICLE{eleuterio1995,
   author = "Samuel {\textsc{Eleuterio}} and Elisabete {\textsc{Ranchhod}} and Helena {\textsc{Freire}} and Jorge {\textsc{Baptista}}",
   title  = "A system of electronic dictionaries of Portuguese",
   journal = "Lingvisticæ Investigationes",
   year = 1995,
   volume = 19,
   number = 1,
   pages = "57--82",
   note = "Amsterdam-Philadelphia : John Benjamins Publishing Company"
}


@InProceedings{ranchhod1996b,
   author = "Elisabete {\textsc{Ranchhod}} and Samuel {\textsc{Eleuterio}}",
   title = "Constru\c{c}\~ao de Dicion\'arios Electr\'onicos do Portugu\^es. Problemas Te\'oricos e Metodol\'ogicos",
   booktitle = "Actas do Congresso Internacional sobre o Portugu\^es",
   year = 1996,
   pages = "265--282",
   note = "Lisboa, Colibri"
}


@INCOLLECTION{ranchhodd1998,
   author = "Elisabete {\textsc{Ranchhod}}",
   title = "Ressources linguistiques du portugais impl\'ement\'ees sous INTEX",
   booktitle = "Analyse Lexicale et Syntaxique: Le système {INTEX}",
   series = "Lingvisticae Investigationes",
   year = 1998,
   publisher = "Amsterdam-Philadelphia : John Benjamins Publishing Company",
   number = XXII,
   pages = "263--277",
   editor = "C. Fairon"
}


@InProceedings{muniz2005,
   author = "Marcello C. M. {\textsc{Muniz}} and Maria das Gra\c{c}as V. {\textsc{Nunes}} and Eric {\textsc{Laporte}}",
   title = "{UNITEX-PB}, a set of flexible language resources for {Brazilian} {Portuguese}",
   booktitle = "Proceedings of the Workshop on Technology of Information and Human Language",
   year = 2005,
   note = "São Leopoldo (Brazil): Unisinos"
}


@InProceedings{   IGML_DumPau08,
  author    = {{\textsc{Dumitriu}}, Dana-Marina and {\textsc{Paumier}}, S\'ebastien},
  title     = {{Requ\^etes linguistiques sur alignements multilingues}},
  booktitle = { Directia Terminologie si Inginerie Lingvistica (DTIL'08)},
  year      = {2008},
  days      = {28-29},
  month     = feb,
  pdf       = {http://dtil.unilat.org/seminar_bucuresti_2008/actes/paumier_dumitriu.htm},
  note      = {ISBN: 978-9-291220-37-3 }
}


@InProceedings{   IGML_PauDum08,
  author    = {{\textsc{Paumier}}, S\'ebastien and {\textsc{Dumitriu}}, Dana-Marina},
  title     = {{Editable text alignments and powerful linguistic queries}},
  booktitle = {27th International Conference on Lexis and Grammar {(LGC'08)}} ,
  editor    = {Constant, Matthieu and Nakamura, Takuya and De Gioia, Michele and Vecchiato, Sara},
  year      = {2008},
  pages     = {117--125},
  days      = {10-13},
  month     = sep
}

@InProceedings{   dusko_xalign,
  author    = {{\textsc{Vitas}}, Du\v{s}ko and {\textsc{Koeva}}, Svetla and {\textsc{Krstev}}, Cvetana and {\textsc{Obradovi\'c}}, Ivan},
  title     = {{Tour du monde through the dictionaries}},
  booktitle = {27th International Conference on Lexis and Grammar {(LGC'08)}} ,
  editor    = {Constant, Matthieu and Nakamura, Takuya and De Gioia, Michele and Vecchiato, Sara},
  year      = {2008},
  pages     = {249--256},
  days      = {10-13},
  month     = sep
}

@MISC{these-hyun-gue,
   author = "Hyun Gue {\textsc{Huh}}",
   title = "{\textit{D\'elimitation et \'etiquetage des morph\`emes en cor\'een par ressources linguistiques}}",
   year	= 2005,
   note	= "Th\`ese de doctorat. Universit\'e de Marne-la-Vall\'ee"
}

@TECHREPORT{klarsfeld,
  author = "Gaby {\textsc{Klarsfled}} and Mary {\textsc{Hammani-Mc Carthy}}",
  title = "Dictionnaire \'electronique du LADL pour les mots simples de l'anglais ({DELASa})",
  institution = "{LADL}, Université Paris 7",
  year = 1991
}


@TECHREPORT{monceaux-1995,
  author = "Anne {\textsc{Monceaux}}",
  title = "Le dictionnaire des mots simples anglais : mots nouveaux et variantes orthographiques",
  institution = "{IGM}, Université de Marne-la-Vall\'ee",
  year = 1995,
  number = 15
}


@MISC{these-Savary,
   author = "Agata {\textsc{Savary}}",
   title = "{\textit{Recensement et description des mots compos\'es - m\'ethodes et applications}}",
   year	= 2000,
   note	= "Th\`ese de doctorat. Universit\'e de Marne-la-Vall\'ee"
}


@TECHREPORT{delac-anglais,
  author = "A. {\textsc{Chrobot}} and B. {\textsc{Courtois}} and M. {\textsc{Hammani-Mc Carthy}}
            and M. {\textsc{Gross}} and K. {\textsc{Zellagui}}",
  title = "Dictionnaire Electronique {DELAC} anglais : noms compos\'es",
  institution = "{LADL}, Université Paris 7",
  year = 1999,
  number = 59
}


@BOOK{dicos-francais,
   title = "Les dictionnaires \'electroniques du fran\c{c}ais",
   year	= 1990,
   publisher = "Larousse, Langue fran\c{c}aise, vol. 87",
   editor = "Blandine Courtois and Max Silberztein"
}


@ARTICLE{formes-ambigues,
   author = "Blandine {\textsc{Courtois}}",
   title = "Formes ambiguës de la langue fran\c{c}aise",
   journal = "Lingvisticæ Investigationes",
   year	= 1996,
   volume = 20,
   number = 1,
   pages = "167--202",
   note	= "Amsterdam-Philadelphia : John Benjamins Publishing Company"
}


@ARTICLE{max-1993,
   author = "Max {\textsc{Silberztein}}",
   title = "Les groupes nominaux productifs et les noms compos\'es lexicalis\'es",
   journal = "Lingvisticæ Investigationes",
   year	= 1999,
   volume = 27,
   number = 2,
   pages = "405--426",
   note	= "Amsterdam-Philadelphia : John Benjamins Publishing Company"
}


@ARTICLE{jacques-1995,
   author = "Jacques {\textsc{Labelle}}",
   title = "Le traitement automatique des variantes linguistiques en fran\c{c}ais: l'exemple des concrets",
   journal = "Lingvisticæ Investigationes",
   year	= 1995,
   volume = 19,
   number = 1,
   pages = "137--152",
   note	= "Amsterdam-Philadelphia : John Benjamins Publishing Company"
}


@INPROCEEDINGS{modern-greek,
   author = "Anna {\textsc{Anastassiadis-Symeonidis}} and Tita {\textsc{Kyriacopoulou}}
             and Elsa {\textsc{Sklavounou}} and Iasson {\textsc{Thilikos}}
             and Rania {\textsc{Voskaki}}",
   title = "A system for analysing texts in Modern Greek: representing and solving ambiguities",
   booktitle = "Proceedings of COMLEX 2000, Workshop on Computational Lexicography and Multimedia Dictionaries",
   year	= 2000,
   organization	= "Patras"
}


@INPROCEEDINGS{matthieu-anastasia,
   author = "Matthieu {\textsc{Constant}} and Anastasia {\textsc{Yannacopoulou}}",
   title = "Le dictionnaire \'electronique du grec moderne: Conception et d\'eveloppement d'outils pour son enrichissement et sa validation",
   booktitle = "Studies in Greek Linguistics, Proceedings of the 23rd annual meeting of the Department of Linguistics",
   year	= 2002,
   organization	= "Faculty of Philosophy, Aristotle University of Thessaloniki"
}


@MISC{these-tita,
   author = "Tita {\textsc{Kyriacopoulou}}",
   title = "{\textit{Les dictionnaires \'electroniques: la flexion verbale en grec moderne}}",
   year	= 1990,
   note	= "Th\`ese de doctorat. Universit{\'e} Paris 8"
}


@INPROCEEDINGS{tita-2002,
   author = "Tita {\textsc{Kyriacopoulou}}",
   title = "Un syst\`eme d'analyse de textes en grec moderne: repr\'esentation des noms compos\'es",
   booktitle = "Actes du 5ème Colloque International de Linguistique Grecque, 13-15 septembre 2001",
   year	= 2002,
   organization	= "Sorbonne, Paris"
}


@ARTICLE{anastasia-2002,
   author = "Tita {\textsc{Kyriacopoulou}} and Safia {\textsc{Mrabti}} and Anastasia{\textsc{Yannacopoulou}}",
   title = "Le dictionnaire \'electronique des noms compos\'es en grec moderne",
   journal = "Lingvisticæ Investigationes",
   year	= 2002,
   volume = 25,
   number = 1,
   pages = "7--28",
   note	= "Amsterdam-Philadelphia : John Benjamins Publishing Company"
}


@INPROCEEDINGS{delaf-italien,
   author = "Anibale {\textsc{Elia}} and Simoneta {\textsc{Vietri}}",
   title = "Electronic Dictionaries and Linguistic Analysis of Italian Large Corpora",
   booktitle = "Actes des 5es Journ\'ees internationales d'Analyse statistique des Donn\'ees Textuelles",
   year	= 2000,
   organization	= "Ecole Polytechnique f\'ed\'erale de Lausanne"
}


@INCOLLECTION{delaf-italien-book,
   author = "Anibale {\textsc{Elia}} and Simoneta {\textsc{Vietri}}",
   title = "L'analisi automatica dei testi e i dizionari elettronici",
   booktitle = "Manuale  di Intelligenza Artificiale per  le Scienze Umane",
   year	= 2002,
   editor = "E. Burattini and R. Cordeschi",
   publisher = "Roma:Carocci",
   organization	= "Ecole Polytechnique f\'ed\'erale de Lausanne"
}


@INPROCEEDINGS{composes-italien,
   author = "Simoneta {\textsc{Vietri}}",
   title = "On the Study of Idioms in Italian",
   booktitle = "Sintassi e morfologia della lingua italiana, Congresso internazionale della Societ\`a di Linguistica Italiana",
   year	= 1984,
   organization	= "Roma:Bulzoni"
}


@ARTICLE{blanco-2000,
   author = "Xavier {\textsc{Blanco}}",
   title = "Les dictionnaires \'electroniques de l'espagnol ({DELASs} et {DELACs)}",
   journal = "Lingvisticæ Investigationes",
   year	= 2000,
   volume = 23,
   number = 2,
   note	= "Amsterdam-Philadelphia : John Benjamins Publishing Company"
}


@ARTICLE{blanco-1997,
   author = "Xavier {\textsc{Blanco}}",
   title = "Noms compos\'es et traduction fran\c{c}ais-espagnol",
   journal = "Lingvisticæ Investigationes",
   year	= 1997,
   volume = 21,
   number = 1,
   note	= "Amsterdam-Philadelphia : John Benjamins Publishing Company"
}

%%%%%%%%%%%%%%%%%%%%%%%%%%%%%%%%%%%%%%%%%%%%%%%%%%%%%%%%%%%%%%%%%%%%%%%%%%%%%%%%%%%
%%%%%%%%%%%%% Fin des références sur les dictionnaires électroniques %%%%%%%%%%%%%%
%%%%%%%%%%%%%%%%%%%%%%%%%%%%%%%%%%%%%%%%%%%%%%%%%%%%%%%%%%%%%%%%%%%%%%%%%%%%%%%%%%%

@ARTICLE{eric-elag,
   author = "Eric {\textsc{Laporte}}",
   title = "Reduction of lexical ambiguity",
   journal = "Lingvisticæ Investigationes",
   year	= 2001,
   volume = 24,
   number = 1,
   note	= "Amsterdam-Philadelphia : John Benjamins Publishing Company"
}


@INPROCEEDINGS{elag-blanc-dister,
   author = "Olivier {\textsc{Blanc}} and Anne {\textsc{Dister}}",
   title = "Automates lexicaux avec structure de traits",
   year	= 2004,
   booktitle = "Actes {RECITAL} 2004"
}


@ARTICLE{polylex,
   author = "S\'ebastien {\textsc{Paumier}} and Harald {\textsc{Ulland}}",
   title = "Analyse automatique de mots polylexicaux en norv\'egien",
   journal = "Lingvisticæ Investigationes",
   year	= 2005,
   volume = 28,
   number = 2,
   note	= "Amsterdam-Philadelphia : John Benjamins Publishing Company"
}


@MISC{Netscape,
   author = "Netscape. Web browser",
   howpublished	= "{\url{http://www.netscape.com}}"
}


@MISC{XAlign,
   author = "LORIA (2006), XAlign(Alignement multilingue)",
   howpublished = "{\url{http://led.loria.fr/outils/ALIGN/align.html}}"
}

@MISC{TEI,
   author = "Text Encoding Initiative",
   howpublished = "{\url{http://www.tei-c.org}}"
}


@MISC{axis,
   author = "A Simple English Axis Generator",
   howpublished = "{\url{http://nlp.cs.nyu.edu/GMA/docs/HOWTO-axis}}"
}


@MISC{Inkscape,
   author = "Inkscape. Vector Graphics Editor",
   howpublished = "{\url{http://www.inkscape.org}}"
}


@MISC{Firefox,
   author = "Firefox. Web browser",
   howpublished	= "{\url{http://www.mozilla.com/firefox/}}"
}


@MISC{OpenOffice,
   author = "OpenOffice.org",
   howpublished	= "{\url{http://www.openoffice.org}}"
}


@MISC{UNICODE,
   author = "Unicode Consortium",
   howpublished	= "{\url{http://www.unicode.org}}"
}


@MISC{TRE,
   author = "Ville {\textsc{Laurikari}}",
   title = "{TRE} home page",
   howpublished	= "{\url{http://laurikari.net/tre/}}"
}


@MISC{GPL,
   author = "GNU",
   title = "General {Public} {License}",
   howpublished	= "{\url{http://www.gnu.org/licenses/gpl.html}}"
}

@MISC{LGPL,
   author = "GNU",
   title = "Lesser {General} {Public} {License}",
   howpublished	= "{\url{http://www.gnu.org/licenses/lgpl.html}}"
}

@MISC{LGPLLR,
   author = "IGM",
   title = "Lesser {General} {Public} {License} for {Linguistic} {Resources}",
   howpublished	= "{\url{http://igm.univ-mlv/~unitex/lgpllr.html}}"
}


@MISC{FSF,
   title = "Free {Software} {Foundation}",
   howpublished	= "{\url{http://www.fsf.org}}"
}

@MISC{site-java,
   author = "Sun Microsystems",
   title = "Java",
   howpublished	= "{\url{http://java.sun.com}}"
}


@ARTICLE{greibach-revisited,
   author = "Robert {\textsc{Koch}} and Norbert {\textsc{Blum}}",
   title = "Greibach Normal Form Transformation, Revisited",
   journal = "Lecture Notes in Computer Science",
   year	= 1997,
   volume = 1200,
   pages = "47--54"
}



@BOOK{hopcroft-ullman,
   author = "John E. {\textsc{Hopcroft}} and Jeffrey D. {\textsc{Ullman}}",
   title = "Introduction to Automata Theory, Languages, and Computation",
   year	= 1979,
   publisher = "Addison-Wesley"
}



@ARTICLE{complexity_of_normal_form_grammars,
   author = "Alica {\textsc{Kelemenov\'a}}",
   title = "Complexity of normal form grammars",
   journal = "Theoretical Computer Science",
   year	= 1984,
   volume = 28,
   number = 2,
   pages = "299--314"
}



@MISC{these-paumier,
   author = "S\'ebastien {\textsc{Paumier}}",
   title = "{\textit{De la Reconnaissance de Formes Linguistiques \`a l'Analyse Syntaxique}}",
   year	= 2003,
   note	= "Th\`ese de doctorat. Universit\'e de Marne-la-Vall\'ee"
}



@ARTICLE{macnaughton-et-yamada,
   author = "R. {\textsc{McNaughton}} and H. {\textsc{Yamada}}",
   title = "Regular expressions and state graphs for automata",
   journal = "{IRE} Transactions on  Electronic Computers",
   year	= 1960,
   volume = 9,
   number = 1,
   pages = "38--47"
   }



@ARTICLE{article-sun-mee,
   author = "Sun-Mee {\textsc{Bae}}",
   title = "Construction of an electronic dictionary for compound nouns in Korean",
   journal = "Studies in Lexicography",
   year	= 2001,
   volume = 11,
   number = 1,
   pages = "151--164"
}


@MISC{these-sun-mee,
   author = "Sun-Mee {\textsc{Bae}}",
   title = "{\textit{Le dictionnaire \'electronique des s\'equences nominales fig\'ees en cor\'een et de leurs formes fl\'echies. M\'ethodes et applications}}",
   year	= 2002,
   note	= "Th\`ese de doctorat. Universit\'e de Marne-la-Vall\'ee"
}


@ARTICLE{lucchesi,
   author = "Cl\'audio {\textsc{Lucchesi}} and Tomasz {\textsc{Kowaltowski}}",
   title = "Applications of Finite Automata Representing Large Vocabularies",
   journal = "Software - Practice and Experience",
   year	= 1993,
   volume = 23,
   number = 1,
   pages = "15--30"
}


@ARTICLE{appel-jacobson,
   author = "A. W. {\textsc{Appel}} and G. J. {\textsc{Jacobson}}",
   title = "The World's Fastest Scrabble Program",
   journal = "Communications of the {ACM}",
   year	= 1988,
   volume = 31,
   number = 5,
   pages = "572--578"
}


@INPROCEEDINGS{langer,
   author = "Stefan {\textsc{Langer}}",
   title = "Zur Morphologie und Semantik von Nominalkomposita",
   booktitle = "Tagungsband {KONVENS 98}. Zur Kodierung der Kompositionsformen (Fugenelemente) {f\"ur} Nomina im CISLEX",
   year	= 1988
}


@INPROCEEDINGS{DIPETT,
   author = "Terry {\textsc{Copeck}} and Sylvain {\textsc{Delisle}} and Stan {\textsc{Szpakowicz}}",
   title = "Parsing and Case Analysis in TANKA",
   booktitle = "Proceedings of the 14th International Conference on Computational Linguistics - COLING-92",
   year	= 1992
}


@INPROCEEDINGS{EngCG,
   author = "Atro {\textsc{Voutilainen}} and Juha {\textsc{Heikkilä}}",
   title = "An English constraint grammar ({EngCG}): a surface-syntactic parser of English",
   booktitle = "Creating and using English language corpora",
   year	= 1994,
   editor = "Fries and Tottie and Schneider",
   organization	= "Dept. General Linguistics, University of Helsinki"
}


@INPROCEEDINGS{active-learning,
   author = "Min {\textsc{Tang}} and Xiaoqiang {\textsc{Luo}} and Salim {\textsc{Roukos}}",
   title = "Active Learning for Statistical Natural Language Parsing",
   booktitle = "Proceedings of the Association for Computational Linguistics 40th Anniversary Meeting",
   year	= 2002
}


@INPROCEEDINGS{HLT2001,
   author = "Fu-Dong {\textsc{Chiou}} and David {\textsc{Chiang}} and Martha {\textsc{Palmer}}",
   title = "Facilitating Treebank Annotation Using a Statistical Parser",
   booktitle = "Proceedings of Human Language Technology Conference",
   year	= 2001
}


@INPROCEEDINGS{collins,
   author = "Michael {\textsc{Collins}}",
   title = "A new statistical parser based on bigram lexical dependencies",
   booktitle = "Proceedings of ACL 96",
   year	= 1996
}


@INPROCEEDINGS{stats-for-czech,
   author = "Michael {\textsc{Collins}} and Jan {\textsc{Hajic}} and Lance {\textsc{Ramshaw}} and Christoph {\textsc{Tillmann}}",
   title = "A Statistical Parser for {Czech}",
   booktitle = "Proceedings of ACL 99",
   year	= 1999
}


@INPROCEEDINGS{charniak2,
   author = "Eugene {\textsc{Charniak}}",
   title = "Statistical parsing with a context-free grammar and word statistics",
   booktitle = "Proceedings of the Fourteenth National Conference on Artificial Intelligence AAAI ",
   year	= 1997,
   editor = "MIT Press"
}


@TECHREPORT{XTAG,
  author = 	 {{XTAG} Research Group},
  title = 	 {A Lexicalized Tree Adjoining Grammar for English},
  institution =  {IRCS, University of Pennsylvania},
  year = 	 2001,
  number =	 {IRCS-01-03}
}


@INPROCEEDINGS{HPSG,
   author = "Ann {\textsc{Copestake}} and Dan {\textsc{Flickinger}}",
   title = "An open source grammar development environment and broad-coverage English grammar using {HPSG}",
   booktitle = "Proceedings of the Second conference on Language Resources and Evaluation (LREC-2000), Athens, Greece",
   year	= 2000
}


@INPROCEEDINGS{FASTUS,
   author = "D. {\textsc{Appelt}} and J. {\textsc{Hobbs}} and D. {\textsc{Israel}} and M. {\textsc{Tyson}}",
   title = "Fastus: A {Finite-State} processor for information extraction from real-word text",
   booktitle = "IJCAI'93",
   year	= 1993
}


@INPROCEEDINGS{article-EACL,
   author = "S\'ebastien {\textsc{Paumier}}",
   title = "A time-efficient token representation for parsers",
   booktitle = "proceedings of Workshop on Finite-State Methods in Natural Language Processing at EACL 2003",
   year = 2003
}


@MISC{dpda,
   author = "Jean H. {\textsc{Gallier}} and Salvatore {\textsc{La Torre}} and Supratik {\textsc{Mukhopadhyay}}",
   title = "{Deterministic Finite Automata with Recursive Calls and {DPDA}'s}",
   year	= 2002,
   note	= "Found at \url{http://www.cis.upenn.edu/~jean/recdfa.ps}"
}


@BOOK{syntaxe-de-ladverbe,
   author = "Maurice {\textsc{Gross}}",
   title = "Grammaire transformationnelle du fran\c{c}ais. 3 - Syntaxe de l'adverbe",
   year	= 1986,
   address = "Paris",
   publisher = "ASSTRIL"
}


@BOOK{livre-gaatone,
   author = "David {\textsc{Gaatone}}",
   title = "Le passif en fran\c{c}ais",
   year	= 1998,
   address = "Paris-Bruxelles",
   publisher = "Duculot"
}


@ARTICLE{un-nouvel-agent-en-par,
   author = "Maurice {\textsc{Gross}}",
   title = "Un nouvel agent en $par$",
   journal = "Langages",
   year	= 1993,
   volume = 109,
   note	= "Paris : Larousse"
}


@ARTICLE{passif-se-laisser,
   author = "Hava {\textsc{Bat-Zeev Shyldkrot}}",
   title = "Analyse s\'emantique d'une forme passive compl\'ementaire: se laisser",
   journal = "Langages",
   year	= 1999,
   volume = 135,
   note	= "Paris : Larousse"
}


@ARTICLE{passifs-avec-agent-obligatoire,
   author = "Yvette Yannick {\textsc{Mathieu}}",
   title = "Quelques passifs avec agent obligatoire",
   journal = "Langages",
   year	= 1993,
   volume = 109,
   note	= "Paris : Larousse"
}


@ARTICLE{datifs-christian,
   author = "Christian {\textsc{Lecl\`ere}}",
   title = "Datifs syntaxiques et datif \'ethique",
   journal = "M\'ethodes en grammaire fran\c{c}aise",
   year	= 1976,
   pages = "73--96",
   editor = "J.-C. Chevalier and M. Gross",
   note	= "Paris : Klincksieck"
}


@MISC{these-jacques,
   author = "Jacques {\textsc{Labelle}}",
   title = "{\textit{Etude de constructions avec op\'erateur avoir (nominalisations et extensions)}}",
   year	= 1974,
   note	= "Th\`ese de doctorat. Universit{\'e} Paris 8"
}


@BOOK{les-nominalisations,
   author = "Jacqueline {\textsc{Giry-Schneider}}",
   title = "Les nominalisations en fran\c{c}ais. L'op\'erateur faire dans le lexique",
   year	= 1978,
   address = "Gen\`eve-Paris",
   publisher = "Droz"
}


@BOOK{les-predicats-nominaux,
   author = "Jacqueline {\textsc{Giry-Schneider}}",
   title = "Les pr\'edicats nominaux en fran\c{c}ais. Les phrases simples \`a verbe support",
   year	= 1987,
   address = "Gen\`eve-Paris",
   publisher = "Droz"
}


@MISC{these-annie,
   author = "Annie {\textsc{Meunier}}",
   title = "{\textit{Nominalisation d'adjectifs par verbes supports}}",
   year	= 1981,
   note	= "Th\`ese de doctorat. Universit{\'e} Paris 7"
}



@ARTICLE{sur-la-definition-dauxiliaire,
   author = "Maurice {\textsc{Gross}}",
   title = "Sur la d\'efinition d'auxiliaire du verbe",
   journal = "Langages",
   year	= 1999,
   volume = 135,
   note	= "Paris : Larousse"
}


@ARTICLE{elisabete-2003,
   author = "Elisabete {\textsc{Marques Ranchhod}}",
   title = "Remarks on the complementation of aspectual verbs",
   journal = "Lingvisticæ Investigationes Supplementa 24",
   editor = "Ch. Lecl\`ere and E. Laporte and M. Piot and M. Silberztein",
   year	= "(to appear, 2003)",
   volume = "Syntaxe, Lexique et Lexique-Grammaire. Hommage \`a Maurice Gross",
   note	= "Amsterdam-Philadelphia : John Benjamins Publishing Company"
}


@INPROCEEDINGS{nouvelles-bases-statistiques,
   author = "Maurice {\textsc{Gross}} and Jean {\textsc{Senellart}}",
   title = "Nouvelles bases statistiques pour les mots du fran\c{c}ais",
   booktitle = "Actes des JADT",
   year	= 1998,
   publisher= "Universit\'e de Nice"
}



@MISC{these-matthieu,
   author = "Matthieu {\textsc{Constant}}",
   title = "{\textit{Grammaires locales pour l'analyse automatique de textes: m\'ethodes de construction et outils de gestion}}",
   year	= 2003,
   note	= "Th\`ese de doctorat. Universit\'e de Marne-la-Vall\'ee"
}


@BOOK{dragon,
   author = "Alfred V. {\textsc{Aho}} and Ravi {\textsc{Sethi}} and Jeffrey D. {\textsc{Ullman}}",
   title = "Compilers. Principles, Techniques and Tools",
   year	= 1986,
   publisher = "Addison-Wesley"
}



@ARTICLE{charniak,
   author = "Eugene {\textsc{Charniak}}",
   title = "Statistical Techniques for Natural Language Parsing",
   journal = "AI Magazine",
   year	= 1997
}


@MISC{vergne,
   author = "Jacques {\textsc{Vergne}}",
   title = "Analyse syntaxique automatique de langues : du combinatoire au calculatoire",
   howpublished	= "{\url{http://users.info.unicaen.fr/~jvergne/#TALN 2001}}"
}


@PHDTHESIS{lexique-grammaire-coreen2,
   author = "Dong-Ho {\textsc{Pak}}",
   title = "Lexique-grammaire compar\'e fran\c{c}ais-cor\'een. Syntaxe des constructions compl\'etives",
   year	= 1996,
   school = "UQAM, Montr\'eal"
}


@INPROCEEDINGS{lexique-grammaire-hongrois,
   author = "Lidia {\textsc{Varga}}",
   title = "Classification syntaxique des verbes de mouvement en hongrois dans l'optique d'un traitement automatique",
   booktitle = "Papers in Computational Lexicography (COMPLEX)",
   address = "Budapest, Research Institute for Linguistics, Hungarian Academy of Sciences",
   year	= 1996,
   editor = "F. Kiefer and G. Kiss and J. Pajzs",
   pages = "257--265"
}


@BOOK{karlsson,
   author = "F. {\textsc{Karlsson}} and A. {\textsc{Anttila}} and J. {\textsc{Heikkila}} and A. {\textsc{Voutilainen}}",
   title = "Constraint Grammar: a Language Independent System for Parsing Unrestricted Text",
   year	= 1995,
   publisher = "Mouton de Gruyter",
   address = "Berlin,New-York"
}


@BOOK{lexique-grammaire-malgache,
   author = "Roger-Bruno {\textsc{Rabennilaina}}",
   title = "Le verbe malgache",
   year	= 1991,
   publisher = "AUPELF-UREF et Universit\'e Paris 13",
   address = "Paris"
}


@MISC{lexique-grammaire-coreen,
   author = "Soun-Nam {\textsc{Park}}",
   title = "{\textit{La construction des verbes neutres en cor\'een}}",
   year	= 1996,
   note	= "Th\`ese de doctorat. Universit\'e Paris 7"
}


@ARTICLE{voutilainen,
   author = "Atro {\textsc{Voutilainen}}",
   title = "Tagging and parsing with rules: The case of Swedish",
   journal = "Lingvisticæ Investigationes",
   year	= 2001,
   volume = 24,
   number = 1,
   pages = "43--66",
   note	= "Amsterdam-Philadelphia : John Benjamins Publishing Company"
}


@ARTICLE{lexique-grammaire-allemand2,
   author = "Folker {\textsc{Caroli}}",
   title = "Les verbes transitifs \`a compl\'ement de lieu en allemand",
   journal = "Lingvisticæ Investigationes",
   year	= 1984,
   volume = 8,
   number = 2,
   pages = "225--267",
   note	= "Amsterdam-Philadelphia : John Benjamins Publishing Company"
}


@TECHREPORT{lexique-grammaire-allemand,
   author = "Thomas {\textsc{Treig}}",
   title = "Compl\'etives en allemand. Classification",
   institution = "{LADL}",
   number = 7,
   year = 1977
}


@BOOK{lexique-grammaire-espagnol,
   author = "Carlos {\textsc{Subirats-R\"uggeberg}}",
   title = "Sentential complementation in Spanish. A lexico-grammatical study of three classes of verbs",
   year	= 1987,
   publisher = "John Benjamins",
   address = "Amsterdam/Philadelphia"
}


@BOOK{lexique-grammaire-italien2,
   author = "Anibale {\textsc{Elia}}",
   title = "Le verbe italien. Les compl\'etives dans les phrases \`a un compl\'ement",
   year	= 1984,
   publisher = "Schena/Nizet",
   address = "Fasano/Paris"
}


@BOOK{lexique-grammaire-italien,
   author = "Anibale {\textsc{Elia}}",
   title = "Lessico-grammatica dei verbi italiani a completiva. Tavole e indice generale",
   year	= 1984,
   publisher = "Liguori",
   address = "Napoli"
}


@BOOK{le-bon-usage,
   author = "Maurice {\textsc{Grevisse}}",
   title = "Le bon usage",
   year	= 1955,
   publisher = "J. Duculot",
   address = "Gembloux",
   note = "Sixi\`eme \'edition"
}


@TECHREPORT{compaq-code-location-in-optimized-code,
   author = "Caroline {\textsc{Tice}} and Susan L. {\textsc{Graham}}",
   title = "Key Instructions: Solving the Code Location Problem for Optimized Code",
   institution = "Compaq System Research Center",
   year = 2000,
   number = 164
}


@INPROCEEDINGS{extended-context-free-grammars,
   author = "{J\"urgen} {\textsc{Albert}} and Dora {\textsc{Giammarresi}} and Derick {\textsc{Wood}}",
   title = "Extended Context-Free Grammars and Normal Form Algorithms",
   booktitle = "Automata Implementation",
   organization = "Third International Workshop on Implementing Automata, {WIA}'98",
   address = "Rouen, France",
   year	= 1998,
   editor = "J.-M. Champarnaud and D. Maurel and D. Ziadi"
}


@INPROCEEDINGS{on-predictive-parsing,
   author = "Anne {\textsc{Br\"uggemann-Klein}} and Derick {\textsc{Wood}}",
   title = "On Predictive Parsing and Extended Context-Free Grammars",
   booktitle = "Seventh	International Conference on Implementation and Application of Automata",
   year	= 2002,
   editor = "J.-M. Champarnaud and D. Maurel",
   organization	= "University of Tours"
}


@MISC{these-senellart,
   author = "Jean {\textsc{Senellart}}",
   title = "{\textit{Outils de reconnaissance d'expressions linguistiques complexes dans des grands corpus}}",
   year	= 1999,
   note	= "Th\`ese de doctorat. Universit\'e Paris 7"
}


@MISC{these-nathalie,
   author = "Nathalie {\textsc{Friburger}}",
   title = "{\textit{Reconnaissance automatique des noms propres : application \`a la classification automatique de textes journalistiques}}",
   year = 2002,
   note = "Th\`ese de doctorat. Universit{\'e} de Tours"
}


@MISC{these-krit,
   author = "Krit {\textsc{Kosawat}}",
   title = "{\textit{M\'ethodes de segmentation et d'analyse automatique de textes tha\"\i }}",
   year	= 2003,
   note	= "Th\`ese de doctorat. Universit{\'e} de Marne-la-Vall\'ee"
}


@INPROCEEDINGS{max-1994,
   author = "Max {\textsc{Silberztein}}",
   title = "{INTEX} : a corpus processing system",
   booktitle = "{COLING} 94 Proceedings",
   year	= 1994,
   address = "Kyoto"
}


@BOOK{le-systeme-INTEX,
   author = "Max {\textsc{Silberztein}}",
   title = "Dictionnaires \'electroniques et analyse automatique de textes : Le syst\`eme {INTEX}",
   year	= 1993,
   publisher = "Masson",
   address = "Paris"
}


@INCOLLECTION{senellart-1999,
   author = "Jean {\textsc{Senellart}}",
   title = "Reconnaissance automatique des entr\'ees du lexique-grammaire des phrases fig\'ees",
   booktitle = "Le lexique-grammaire",
   series = "Travaux de linguistique",
   year = 1999,
   publisher = "Duculot",
   number = 37,
   pages = "109--121",
   editor = "B. Lamiroy",
   address = "Bruxelles"
}


@INCOLLECTION{roche-1999,
   author = "Emmanuel {\textsc{Roche}}",
   title = "Finite state transducers: parsing free and frozen sentences",
   year = 1999,
   publisher = "Cambridge Press, MA",
   booktitle = "Extended finite state models of language",
   editor = "{A. \textsc{Kornai}}"
}

@INCOLLECTION{clemenceau,
   author = "David {\textsc{Cl\'emenceau}}",
   title = "Finite-State Morphology : Inflections and Derivations in a Single Framework Using Dictionaries and Rules",
   year	= 1997,
   publisher = "The {MIT} Press",
   booktitle = "Finite-state language processing",
   editor = "Emmanuel {\textsc{Roche}} and Yves {\textsc{Schabes}}"
}


@BOOK{roche-schabes,
   editor = "Emmanuel {\textsc{Roche}} and Yves {\textsc{Schabes}}",
   title = "Finite-state language processing",
   year	= 1997,
   publisher = "The {MIT} Press"
}


@MISC{these-roche,
   author = "Emmanuel {\textsc{Roche}}",
   title = "{\textit{Analyse syntaxique transformationnelle du fran\c{c}ais par transducteurs et lexique-grammaire}}",
   year	= 1993,
   note	= "Th\`ese de doctorat. Universit{\'e} Paris 7"
}


@MISC{these-revuz,
   author = "Dominique {\textsc{Revuz}}",
   title = "{\textit{Dictionnaires et lexiques: m\'ethodes et algorithmes}}",
   year	= 1990,
   note	= "Th\`ese de doctorat. Universit{\'e} Paris 7"
}


@INCOLLECTION{organisation-du-lexique-grammaire,
   author = "Christian {\textsc{Lecl\`ere}}",
   title = "Organisation du lexique-grammaire des verbes du fran\c{c}ais",
   booktitle = "Langue Fran\c{c}aise",
   year	= 1990,
   publisher = "Larousse",
   volume = "87, Les dictionnaires \'electroniques du fran\c{c}ais",
   editor = "B. Courtois and M. Silberztein"
}


@ARTICLE{transformational-theory,
   author = "Zellig S. {\textsc{Harris}}",
   title = "Transformational theory",
   journal = "Language",
   year	= 1965,
   volume = 41,
   number = 3,
   pages = "363--401"
}


@ARTICLE{ELAG,
   author = "Eric {\textsc{Laporte}} and Anne {\textsc{Monceaux}}",
   title = "Elimination of lexical ambiguities by grammars : The {ELAG} system",
   journal = "Lingvisticæ Investigationes",
   year	= 1998,
   volume = 22,
   pages = "341--367",
   note	= "Amsterdam-Philadelphia : John Benjamins Publishing Company"
}


@BOOK{grammaire-des-adverbes,
   author = "Christian {\textsc{Molinier}} and Fran\c{c}oise {\textsc{Levrier}}",
   title = "Grammaire des adverbes: description des formes en -ment",
   year	= 2000,
   publisher = "Droz",
   address = "Gen\`eve"
}



@BOOK{BGL,
   author = "Jean-Paul {\textsc{Boons}} and Alain {\textsc{Guillet}} and Christian {\textsc{Lecl\`ere}}",
   title = "La structure des phrases simples en	fran\c{c}ais : constructions intransitives",
   year	= 1976,
   publisher = "Droz",
   address = "Gen\`eve"
}


@TECHREPORT{L,
   author = "Jean-Paul {\textsc{Boons}} and Alain {\textsc{Guillet}} and Christian {\textsc{Lecl\`ere}}",
   title = "La structure des phrases simples en	fran\c{c}ais : classes de constructions transitives",
   year	= 1976,
   institution = "{LADL}",
   address = "Paris"
}


@BOOK{GL,
   author = "Alain {\textsc{Guillet}} and Christian {\textsc{Lecl\`ere}}",
   title = "La structure des phrases simples en	fran\c{c}ais : les constructions transitives locatives",
   year	= 1992,
   publisher = "Droz",
   address = "Gen\`eve"
}


@ARTICLE{bees-are-swarming-in-the-garden,
   author = "Morris {\textsc{Salkoff}}",
   title = "Bees are swarming in the garden",
   journal = "Language",
   year	= 1983,
   volume = 59,
   number = 2,
   pages = "288--346"
}


@ARTICLE{on-the-failure,
   author = "Maurice {\textsc{Gross}}",
   title = "On the failure of generative grammar",
   journal = "Language",
   year	= 1979,
   volume = 55,
   number = 4,
   pages = "859--885"
}


@ARTICLE{lemmatization-of-compound-tenses-in-english,
   author = "Maurice {\textsc{Gross}}",
   title = "Lemmatization of Compound Tenses in	English",
   journal = "Lingvisticæ Investigationes",
   year	= 1998,
   volume = 22,
   note	= "Amsterdam-Philadelphia : John Benjamins Publishing Company"
}


@ARTICLE{les-ambiguites,
   author = "Maurice {\textsc{Gross}}",
   title = "Les ambigu{\"\i}t\'es",
   journal = "Lingvisticæ Investigationes",
   year	= 2001,
   volume = 24,
   number = 1,
   note	= "Amsterdam-Philadelphia : John Benjamins Publishing Company"
}


@BOOK{minimalist-program,
   author = "Noam {\textsc{Chomsky}}",
   title = "The Minimalist Program",
   year	= 1995,
   publisher = "MIT Press"
}


@BOOK{syntactic-structures,
   author = "Noam {\textsc{Chomsky}}",
   title = "Syntactic Structures",
   year	= 1957,
   publisher = "Mouton",
   address = "La Haye"
}


@BOOK{mathematical-structures-of-language,
   author = "Zellig S. {\textsc{Harris}}",
   title = "Mathematical structures of language",
   year	= 1968,
   publisher = "Wiley",
   address = "New York"
}


@BOOK{a-mathematical-approach,
   author = "Zellig S. {\textsc{Harris}}",
   title = "A theory of language and information: a mathematical approach",
   year	= 1991,
   publisher = "Clarendon press",
   address = "Oxford"
}


@BOOK{methodes-en-syntaxe,
   author = "Maurice {\textsc{Gross}}",
   title = "M\'ethodes en	syntaxe",
   year	= 1975,
   publisher = "Hermann",
   address = "Paris"
}


@ARTICLE{noms-appropries,
   author = "Eric {\textsc{Laporte}}",
   title = "Noms appropri\'es \`a modifieurs obligatoires",
   journal = "Langages",
   year	= 1997,
   volume = 126,
   note	= "Paris : Larousse"
}


@ARTICLE{classes-d-objets,
   author = "Gaston {\textsc{Gross}}",
   title = "Classes d'objets et	descriptions des verbes",
   journal = "Langages",
   year	= 1994,
   volume = 115,
   note	= "Paris : Larousse"
}


@ARTICLE{greibach,
   author = "Sheila {\textsc{Greibach}}",
   title = "A new normal form theorem for context-free phrase structure	grammars",
   journal = "Journal of ACM",
   year	= 1965,
   volume = 12,
   pages = "42--52"
}


@MISC{these-cedrick,
   author = "C{\'e}drick {\textsc{Fairon}}",
   title = "{\textit{Structures	non-connexes. Grammaires des incises en	fran\c{c}ais: description linguistique et outils informatiques}}",
   year	= 2000,
   note	= "Th\`ese de doctorat. Universit{\'e} Paris 7"
}



@INPROCEEDINGS{ameliorer-decoupage-en-phrases,
   author = "Anne {\textsc{Dister}} and	Nathalie {\textsc{Friburger}} and Denis	{\textsc{Maurel}}",
   title = "Am\'eliorer le d\'ecoupage en phrases sous {INTEX}",
   booktitle = "Revue Informatique et Statistique dans les Sciences Humaines",
   year	= 2000,
   editor = "Anne Dister",
   pages = "181--199",
   volume = "Actes des 3\`emes Journ\'ees INTEX"
}



@ARTICLE{dister-1998,
   author = "Anne {\textsc{Dister}}",
   title = "D{\'e}velopper des grammaires locales de lev\'ee d'ambigu{\"\i}t{\'e}s pour {INTEX}",
   journal = "Lingvisticæ Investigationes",
   year	= 1998,
   volume = 22,
   note	= "Amsterdam-Philadelphia : John Benjamins Publishing Company"
}



@INPROCEEDINGS{complex-lexical-units,
   author = "Paula {\textsc{Carvalho}} and Cristina {\textsc{Mota}} and	Elisabete {\textsc{Ranchhod}}",
   title = "Complex Lexical Units and Automata",
   booktitle = "PorTAL 2002",
   year	= 2002,
   editor = "E.M. Ranchhod and N.J. Mamede",
   publisher = "Springer-Verlag"
}



@INPROCEEDINGS{paumier2000,
   author = "S{\'e}bastien {\textsc{Paumier}}",
   title = "Nouvelles m{\'e}thodes pour	la recherche d'expressions dans	de grands corpus",
   booktitle = "Revue Informatique et Statistique dans les Sciences Humaines",
   year	= 2000,
   editor = "Anne Dister",
   pages = "289--295",
   volume = "Actes des 3\`emes Journ\'ees INTEX"
}

@INPROCEEDINGS{some-remarks,
   author = "S{\'e}bastien {\textsc{Paumier}}",
   title = "Some remarks on the	application of a lexicon-grammar",
   booktitle = "Lingvisticæ Investigationes",
   year	= 2001,
   volume = 24,
   publisher = "John Benjamins Publishing Company",
   address = "Amsterdam-Philadelphia"
}

@MISC{some-remarks-pdf,
   author = "S{\'e}bastien {\textsc{Paumier}}",
   title = "Some remarks on the	application of a lexicon-grammar",
   howpublished	= "Online Proceedings of the 4th Intex workshop",
   year	= 2001,
   note	= "T\'el\'echargeable \`a l'adresse {\texttt{http://www.nyu.edu/pages/linguistics/intex/downloads/Sebastien Paumier.pdf}}"
}


@MISC{memoire-dea,
   author = "S{\'e}bastien {\textsc{Paumier}}",
   title = "{\textit{Recherche d'expressions dans de grands corpus : le	syst\`eme	{\textsc{AGLAE}}}}",
   year	= 2000,
   note	= "M{\'e}moire de {\textsc{DEA}}. Universit{\'e} de Marne-la-Vall{\'e}e"
}


@MISC{manuel-intex,
   author = "Max {\textsc{Silberztein}}",
   title = "Manuel d'utilisation d'{\textsc{INTEX} version 4.12}",
   year	= 1999,
   howpublished	= "T\'el\'echargeable \`a l'adresse {\url{http://grelis.univ-fcomte.fr/intex/downloads/Manuel.pdf}}"
}



%%%%%%%%%%%%%%%% dodane przez MW:
@string{pwn = "Wydawnictwo Naukowe PWN"}

@Book{jt:siat,
  author =       {Jan {\textsc{Tokarski}}},
  title =        {Schematyczny indeks a~tergo polskich form wyrazowych{\textup{, ed. Zygmunt Saloni}}},
  publisher =    pwn,
  edition = 2,
  year =         2002,
  address =      {Warszawa}
}

@Book{zswgmwrw:sgjp,
  author =       {Zygmunt {\textsc{Saloni}} and W³odzimierz {\textsc{Gruszczyñski}} and Marcin {\textsc{Woliñski}} and Robert {\textsc{Wo³osz}}},
  title =        {S³ownik gramatyczny jêzyka polskiego},
  publisher =    {Wiedza Powszechna},
  year =         {2007},
  address =      {Warszawa}}

@Article{mw:znaczniki,
  author =       {Marcin {\textsc{Woliñski}}},
  title =        {System znaczników morfosyntaktycznych w korpusie {IPI PAN}},
  journal =      {Polonica},
  year =         2003,
  volume =       {XXII--XXIII},
  pages =        {39--55}
}

@InProceedings{mw:iipwm:morfeusz,
  author =       {Marcin {\textsc{Woli\'nski}}},
  title =        {Morfeusz --- a Practical Tool for the Morphological
                  Analysis of {Polish}},
  booktitle =    {Intelligent Information Processing and Web Mining,
                  IIS:IIPWM'06 Proceedings},
  pages =        {503--512},
  year =         2006,
  editor =       {K{\l}opotek, Mieczys{\l}aw and Wierzcho\'n, S{\l}awomir and
                  Trojanowski, Krzysztof},
  publisher =    {Springer}
}

%%%%%%%%%%%%%%%%%%%%%%%%%%%%%%%%
%%%% BEGIN MULTIFLEX .BIB
%%%%%%%%%%%%%%%%%%%%%%%%%%%%%%%%

@BOOK{Przepiorkowski04,
   author = "Adam {\textsc{Przepi\'orkowski}}",
   title = "{The IPI PAN Corpus, preliminary version}",
   year = 2004,
   publisher = "Institute of Computer Science",
   address = "Warsaw"
}

@INPROCEEDINGS{PrzepWol03,
   author = "Adam {\textsc{Przepi\'orkowski}} and Marcin {\textsc{Woli\'nski}}",
   title = "{The Unbearable Lightness of Tagging: A Case Study in Morphosyntactic Tagging of Polish}",
   booktitle = "{Proceedings of the 4th International Workshop on Linguistically Interpreted Corpora, EACL 2003}",
   year = 2003
}

@BOOK{Szpakowicz86,
   author = "Stanis\l aw {\textsc{Szpakowicz}}",
   title = "Formalny opis sk\l adniowy zda\'n polskich",
   year = 1986,
   publisher = "Wydawnictwa Uniwersytetu Warszawskiego",
   address = "Warszawa"
}

@BOOK{Vetulanietal98,
   author = "Zygmunt {\textsc{Vetulani}} and Bogdan {\textsc{Walczak}} and Tomasz {\textsc{Obr\k{e}bski}} and Gra\.zyna {\textsc{Vetulani}}",
   title = "{Jednoznaczne kodowanie fleksji rzeczownika polskiego i jego zastosowanie w s\l ownikach elektronicznych - format POLEX}",
   year = 1998,
   publisher = "Wydawnictwa Naukowe Uniwersytetu Adama Mickiewicza",
   address = "Pozna\'n"
}

@MISC{Jassem96,
   author = "Krzysztof {\textsc{Jassem}}",
   title = "Elektroniczny s\l ownik dwuj\k{e}zyczny w automatycznym t\l umaczeniu tekstu",
   year = 1996,
   note = "PhD thesis. Uniwersytet Adama Mickiewicza. Pozna\'n."
}

@ARTICLE{Savary05,
   author = "Agata {\textsc{Savary}}",
   title = "{A formalism for the computational morphology of multi-word units}",
   journal = "Archives of Control Sciences",
   year = 2005,
   volume = 15,
   number = 3,
   pages = "437--449"
}

@ARTICLE{Savary08,
   author = "Agata {\textsc{Savary}}",
   title = "{Computational Inflection of Multi-Word Units. A contrastive study of lexical approaches}",
   journal = "Linguistic Issues in Language Technology",
   year = 2008,
   volume = 1,
   number = 2,
   pages = "1--53"
}

@TECHREPORT{Savary05b,
  author = "Agata {\textsc{Savary}}",
  title = "{MULTIFLEX. User's Manual and Technical Documentation. Version 1.0}",
  institution = "{LI-Fran\c cois Rabelais University of Tours, France}",
  year = 2005,
  number = {285}
}

@INPROCEEDINGS{Silberztein05,
   author = "Max {\textsc{Silberztein}}",
   title = "{NooJ's dictionaries}",
   booktitle = "Proceedings of LTC'05, Pozna\'n",
   year = 2005,
   publisher = "Wydawnictwo Pozna\'nskie",
   pages = "291--295"
}

@ARTICLE{Krstevetal06,
   author = "Cvetana {\textsc{Krstev}} and Du\v sko {\textsc{Vitas}} and Agata {\textsc{Savary}}",
   title = "{Prerequisites for a Comprehensive Dictionary of Serbian Compounds}",
   booktitle = "Proceedings of FINTAL'06",
   year = 2006,
   editor = "Tapio Salakoski and Filip Ginter and Sampo Pyysalo and Tapio Pahikkala",
   journal = "LNCS",
   volume = 4139,
   publisher = "Springer",
   pages = "552--563"
}

@ARTICLE{HabertJacquemin93,
   author = "Beno\^it {\textsc{Habert}} and Christian {\textsc{Jacquemin}}",
   title = "Noms compos\'es, termes, d\'enominations complexes: probl\'ematiques linguistiques et traitements automatiques",
   journal = "Traitement Automatique des Langues",
   year = 1993,
   volume = 2,
   pages = "5--41"
}

@ARTICLE{Corbin92,
   author = "Danielle {\textsc{Corbin}}",
   title = "Hypoth\`eses sur les fronti\`eres de la composition nominale",
   journal = "Cahiers de grammaire",
   year = 1992,
   volume = 17,
   pages = "26--55",
   note = "Universit\'e de Toulouse Le Mirail"
}

@ARTICLE{GastonGross88,
   author = "Gaston {\textsc{Gross}}",
   title = "Degr\'e de figement des noms compos\'es",
   journal = "Langages",
   year = 1988,
   volume = 90,
   pages = "57--71",
   note = "Paris : Larousse"
}

@BOOK{Jespersen65,
   author = "Otto {\textsc{Jespersen}}",
   title = "{A Modern English Grammar}",
   year = 1956,
   publisher = "Allen \& Unwin",
   address = "London"
}

@TECHREPORT{Karttunen93,
  author = "Lauri {\textsc{Karttunen}}",
  title = "{Finite-State Lexicon Compiler}",
  institution = "Xerox PARC",
  year = 1993,
  number = {ISTL-NLTT2993-04-02}
}

@TECHREPORT{SegTap95,
  author = "Fr\'ed\'erique {\textsc{Segond}} and Pasi {\textsc{Tapanainen}}",
  title = "Using a finite-state formalism to identify and generate multiword expressions",
  institution = "Rank Xerox Research Center",
  year = 1995,
  number = {ISTL-NLTT2995-??-??}
}

@BOOK{Jacquemin01,
   author = "Christian {\textsc{Jacquemin}}",
   title = "{Spotting and Discovering Terms through Natural Language Processing}",
   year = 2001,
   publisher = "MIT Press"
}

@ARTICLE{SavaryJacquemin03,
   author = "Agata {\textsc{Savary}} and Christian {\textsc{Jacquemin}}",
   title = "{Reducing Information Variation in Text}",
   journal = "Lecture Notes in Artificial Intelligence",
   year = 2003,
   volume = 2705,
   pages = "145--181",
   note = "Springer"
}

@ARTICLE{SparckTait84,
   author = "Karen {\textsc{Sparck Jones}} and John I. {\textsc{Tait}}",
   title = "Automatic search term variant generation",
   journal = "Journal of Documentation",
   year = 1984,
   volume = 40,
   number = 1,
   pages = "50--66"
}

@ARTICLE{Agafonovetal06,
   author = "Claire {\textsc{Agafonov}} and Thierry {\textsc{Grass}} and Denis {\textsc{Maurel}} and Nathalie {\textsc{Rossi-Gensane}} and Agata {\textsc{Savary}}",
   title = "{La traduction multilingue des noms propres dans PROLEX}",
   journal = "M${\epsilon}$ta",
   year = 2006,
   volume = 51,
   number = 4,
   pages = "622--636",
   note = "Les Presses de l'Universit\'e de Montr\'eal"
}

@ARTICLE{Maureletal07,
   author = "Denis {\textsc{Maurel}} and Du\v sko {\textsc{Vitas}} and Cvetana {\textsc{Krstev}} and Svetla {\textsc{Koeva}}",
   title = "{Prolex: a lexical model for translation of proper names. Application to French, Serbian and Bulgarian}",
   journal = "BULAG",
   year = 2007,
   volume = 32,
   pages = "55--72"
}

@ARTICLE{TranMaurel06,
   author = "Mickael {\textsc{Tran}} and Denis {\textsc{Maurel}}",
   title = "{Prolexbase: Un dictionnaire relatonnel multilingue de noms propres}",
   journal = "Traitement Automatiques des Langues",
   year = 2006,
   volume = 47,
   number = 3,
   pages = "115--139"
}

@INPROCEEDINGS{Sagetal02,
   author = "Ivan A. {\textsc{Sag}} and Timothy {\textsc{Baldwin}} and Francis {\textsc{Bond}} and Ann {\textsc{Copestake}} and Dan {\textsc{Flickinger}}",
   title = "{Multiword Expresions: A Pain in the Neck for NLP}",
   booktitle = "Proceedings of CICLING-2002",
   year = 2002,
   journal = "LNCS",
   volume = 2276,
   publisher = "Springer",
   pages = "189-206"
}

@INPROCEEDINGS{Downing77,
   author = "Pamela {\textsc{Downing}}",
   title = "{On the Creation and Use of English Compound Nouns}",
   booktitle = "Proceedings of CICLING-2002",
   year = 1977,
   journal = "Language",
   volume = 53,
   number = 4,
   publisher = "Linguistic Society of America",
   pages = "810--842"
}

@INPROCEEDINGS{VitasKrstev01,
   author = "Du\v sko {\textsc{Vitas}} and Cvetana {\textsc{Krstev}}",
   title = "{INTEX and Slavonic Morphology}",
   booktitle = "Actes des 4es Journ\'ees INTEX, Bordeaux'01",
   year = 2004,
   editor = "Claude Muller and Jean Royaut\'e and Max Silberztein",
   publisher = "Presses Universitaires de Franche-Comt\'e",
   pages = "249--263"
}

@INPROCEEDINGS{Maurel08,
   author = "Denis {\textsc{Maurel}}",
   title = "{Prolexbase. A multilungual relational lexical database of proper names}",
   booktitle = "Proceedings of LREC'08, Marrakech, Marocco",
   year = 2008,
   pages = "???--???"
}

@MISC{ISO-standard-LMF07,
   author = "{{ISO/TC 37/SC 4}}",
   title = "{Language resource managment-Lexical markup framework (LMF), ISO DIS 24613:2007}",
   year = 2007,
   howpublished = "{http://lirics.loria.fr/documents.html}"
}

@INPROCEEDINGS{KarKapZae92,
   author = "Lauri {\textsc{Karttunen}} and Ronald M. {\textsc{Kaplan}} and Annie {\textsc{Zaenen}}",
   title = "{Two-Level Morphology with Composition}",
   booktitle = "{Proceedings of COLING-92, Nantes}",
   year = 1992,
   pages = "141--148"
}

@INPROCEEDINGS{BreSegVal96,
   author = "Elisabeth {\textsc{Breidt}} and Fr\'ed\'erique {\textsc{Segond}} and Guiseppe {\textsc{Valetto}}",
   title = "{Formal Description of Multi-Word Lexemes with the Finite-State Formalism IDAREX}",
   booktitle = "{Proceedings of COLING-96, Copenhagen}",
   year = 1996,
   pages = "1036--1040"
}

@INPROCEEDINGS{OflCetSay04,
   author = "Kemal {\textsc{Oflazer}} and {\"{O}zlem} {\textsc{{\c{C}etono\u{g}lu}}} and Bilge {\textsc{Say}}",
   title = "{Integrating Morphology with Multi-word Expression Processing in Turkish}",
   booktitle = "{Second ACL Workshop on Multiword Expressions, July 2004}",
   year = "2004",
   pages = "64--71"
}

@INPROCEEDINGS{AleAnsArt04,
   author = "Inaki {\textsc{Alegria}} and Olatz {\textsc{Ansa}} and Xabier {\textsc{Artola}} and Nerea {\textsc{Ezeiza}} and Koldo {\textsc{Gojenola}} and Ruben {\textsc{Urizar}}",
   title = "{Representation and Treatment of Multiword Expressions in Basque}",
   booktitle = "{Second ACL Workshop on Multiword Expressions, July 2004}",
   year = "2004",
   pages = "48-55"
}

@INPROCEEDINGS{ChaTap96,
   author = "Jean-Pierre {\textsc{Chanod}} and Pasi {\textsc{Tapanainen}}",
   title = "{A non-deterministic Tokeniser for Finite-State Parsing}",
   booktitle = "{12th European Conference on Artificial Intelligence}",
   year = 1996
}

@INPROCEEDINGS{GreTap96,
   author = "Gregory {\textsc{Grefenstette}} and Pasi {\textsc{Tapanainen}}",
   title = "What is a word, what is a sentence? problems of tokenization",
   booktitle = "{3rd International Conference on Computational Lexicography}",
   year = 1994,
   pages = "79--87"
}

@INPROCEEDINGS{Copestakeetal02,
   author = "Ann {\textsc{Copestake}} and Fabre {\textsc{Lambeau}} and Aline {\textsc{Villavicencio}} and Francis {\textsc{Bond}} and Timothy {\textsc{Baldwin}} and Ivan A. {\textsc{Sag}} and Dan {\textsc{Flickinger}}",
   title = "Multiword expressions: linguistic precision and reusability",
   booktitle = "{LREC 2002}",
   year = 2002,
   pages = "1941--1947"
}

@INPROCEEDINGS{Villavicencioetal04,
   author = "Aline {\textsc{Villavicencio}} and Ann {\textsc{Copestake}} and Benjamin {\textsc{Waldron}} and Fabre {\textsc{Lambeau}}",
   title = "{Lexical Encoding of MWEs}",
   booktitle = "{Second ACL Workshop on Multiword Expressions: Integrating Processing, July 2004}",
   year = 2004,
   pages = "80--87"
}

@INPROCEEDINGS{FabreSebillot96,
   author = "Cecile {\textsc{Fabre}} and Pascale {\textsc{Sébillot}}",
   title = "{Interprétation automatique des composés nominaux anglais hors domaine: quelles solutions}",
   booktitle = "{10e Congrès Reconnaissance des Formes et Inelligence Artificielle (RFIA'96), Rennes}",
   year = 1996,
   pages = "71--79"
}

@INPROCEEDINGS{KrstevStankovicetal06,
   author = "Cvetana {\textsc{Krstev}} and Ranka {\textsc{Stankovi\'c}} and Du\v sko {\textsc{Vitas}} and Ivan {\textsc{Obradovi\'c}}",
   title = "{Workstation for Lexical Resources - WS4LR}",
   booktitle = "{5th International Conference on Language Resources and Evaluation, LREC'06, Genoa, Italy}",
   year = 2006,
   publisher = "ELRA",
   pages = "1692--1697"
}

@INPROCEEDINGS{Calzolarietal02,
   author = "Nicoletta {\textsc{Calzolari}} and Charles J. {\textsc{Fillmore}} and Ralph {\textsc{Grishman}} and Nancy {\textsc{Ide}} and Alessandro {\textsc{Lenci}} and Catherine {\textsc{MacLeod}} and Antonio {\textsc{Zampolli}}",
   title = "{Towards Best Practice for Multiword Expressions in Computational Lexicons}",
   booktitle = "{LREC'02}",
   year = 2002,
   pages = "1934--1940"
}

@BOOK{BeesleyKarttunen03,
   author = "Kenneth R. {\textsc{Beesley}} and Lauri {\textsc{Karttunen}}",
   title = "{Finite State Morphology}",
   year = 2003,
   publisher = "CSLI"
}

@BOOK{Krstev08,
   author = "Cvetana {\textsc{Krstev}}",
   title = "{Processing of Serbian: Automata, Texts and Electronic Dictionaries}",
   year = 2009,
   publisher = "Faculty of Philology, University of Belgrade"
}

@INPROCEEDINGS{BaldwinVillavincencio02,
   author = "Timothy {\textsc{Baldwin}} and Aline {\textsc{Villavicencio}}",
   title = "{Extracting the Unpredicatble: A Case Study on Verb-particles}",
   booktitle = "{Sixth Conference on Computational Natural Language Learning (CoNLL)-2002}",
   year = 2002,
   pages = "99--105"
}

@INPROCEEDINGS{GrossSenellart98,
   author = "Maurice {\textsc{Gross}} and Jean {\textsc{Senellart}}",
   title = "{Nouvelles bases statistiques pour les mots du français}",
   booktitle = "{Journ\'ee d'Analyse Statistique des Donn\'ees Textuelles (JADT), Nice 1998}",
   year = 1998,
   pages = "335--349"
}


@ARTICLE{SavaryKrstevVitas07,
   author = "Agata {\textsc{Savary}} and Cvetana {\textsc{Krstev}} and Du\v sko {\textsc{Vitas}}",
   title = "{Inflectional Non Compositionality and Variation of Compounds in French, Polish and Serbian, and Their Automatic Processing}",
   journal = "BULAG",
   year = 2007,
   volume = 32,
   pages = "73--93"
}

@INBOOK{Benven74,
  author =       "Emile {\textsc{Benveniste}}",
  title =        "Fondements syntaxiques de la composition nominale. Formes nouvelles de la composition nominale",
  booktitle =    "Probl\`emes de linguistique g\'en\'erale",
  publisher =    "Gallimard, Paris",
  year =         "1974",
  pages =        "145--176"
}

@Book{Levi78,
  author =       "Judith N. {\textsc{Levi}}",
  title =        "The Syntax and Semantics of Complex Nominals",
  year =         "1978",
  publisher =    "Academic Press, New York-London"
}

@Book{Bauer83,
  author =       "Laurie {\textsc{Bauer}}",
  title =        "English Word-Formation",
  year =         "1983",
  publisher =    "Cambridge University Press"
}

@Article{Gross90,
  author =       "Gaston {\textsc{Gross}}",
  title =        "D\'efinition des noms compos\'es dans un lexique-grammaire",
  journal =      "Langue Fran\c caise",
  year =         "1990",
  volume =       "87",
  publisher =    "Larousse",
  address =      "Paris"
}

@Article{Anscombre90,
  author =       "Jean-Claude {\textsc{Anscombre}}",
  title =        "Pourquoi un moulin \`a vent n'est pas un ventilateur",
  journal =      "Langue Fran\c caise",
  volume =       "86",
  publisher =    "Larousse, Paris",
  year =         "1990"
}

@Book{Gross96,
  author =       "Gaston {\textsc{Gross}}",
  title =        "Les expressions fig\'ees en fran\c cais. Noms compos\'es et autres locutions",
  year =         "1996",
  publisher =    "Ophrys",
  address =      "Paris"
}

@Article{Cadiot92,
  author =       "Pierre {\textsc{Cadiot}}",
  title =        "A entre deux noms : vers la composition nominale",
  journal =      "Lexique",
  volume =       "11",
  year =         "1992",
  publisher =    "P.U.L.",
  pages =        "193--240"
}

@InProceedings{ltc07,
  author =   {A. {\textsc{Mykowiecka}} and K. {\textsc{Marasek}} and M. {\textsc{Marciniak}} and R. {\textsc{Gubrynowicz}} and J. {\textsc{Rabiega-Wi\'sniewska}}},
  title =    {Annotation of {P}olish spoken dialogs in {LUNA} project},
  booktitle = {Human Language Technologies as a Challenge for Computer Science and Linguistics. Proceedings of 3rd Language \& Technology Conference. October 5-7, 2007, Poznañ, Poland},
  year =     {2007}
}
 @InProceedings{PN08,
  author =   {A. {\textsc{Mykowiecka}} and M. {\textsc{Marciniak}} and J. {\textsc{Rabiega-Wi\'sniewska}}},
  title =    {Proper {N}ames in {P}olish {D}ialogs},
  booktitle = {Proceedings of the IIS 2008 Workshop on Spoken Language Understanding and Dialogue Systems},
  year =     {2008},
  address   = {Zakopane, Poland},
  publisher = {Springer Verlag},
  OPTpages     = {},
}
@InProceedings{pisk:sydo:ltc07,
  author =   {J. {\textsc{Piskorski}} and M. {\textsc{Sydow}}},
  title =    {Usability of {S}tring {D}istance {M}etrics for {N}ame {M}atching {T}asks in {P}olish},
  booktitle = {Human Language Technologies as a Challenge for Computer Science and Linguistics. Proceedings of 3rd Language \& Technology Conference. October 5-7, 2007, Poznañ, Poland},
  year =     {2007}
}
@InProceedings{pisk:sydo:07,
    author = {J. {\textsc{Piskorski}} and M. {\textsc{Sydow}} and A. {\textsc{Kup\'s\'c}}},
    title = {Lemmatization of {P}olish {P}erson {N}ames},
    booktitle = {ACL 2007. Proceedings of the Workshop on Balto-Slavonic Natural Language Processing 2007 Special Theme: Information Extraction and Enabling Technologies},
    year = {2007}
}
@book{grzen03,
  author =       {J. {\textsc{Grzenia}}},
  title =        {S³ownik nazw w³asnych},
  year =         {2003},
  publisher = {Wydawnictwo naukowe PWN},
}
@book{cies08,
  editor =       {A. {\textsc{Cie\'slikowa}}},
  title =        {Ma³y s³ownik odmiany nazw w³asnych},
  year =         {2008},
  publisher = {Rytm, Warszawa},
}

@PHDTHESIS{reco-np-friburger02,
   author = "Nathalie {\textsc{Friburger}}",
   title = "Reconnaissance automatique des noms propres - Application \`a la classification automatique de textes journalistiques",
   year	= 2002,
   school = "Université François-Rabelais, Tours"
}

%%%%%%%%%%%%%%%%%%%%%%%%%%%%%%%%
%%%% Ajouté par Agata Savary
%%%%%%%%%%%%%%%%%%%%%%%%%%%%%%%%
@incollection{
    Foufi13,
    author = "Vassiliki Foufi",
    title = "{Les noms composés A(A)N du Grec Moderne et leurs variantes}",
    crossref = "KakoyianniDoa13"
}
@incollection{
   paumier:nam:2014,
    author = "{\textsc{Paumier}}, S\'ebastien and {\textsc{Nam}}, Jee-Sun",
    title = "{Un système de dictionnaire de mots simples du coréen}",
   pages = "481--490",
    crossref = "KakoyianniDoa13"
}
@book{
    KakoyianniDoa13,
    editor = "Kakoyianni Doa, Fryni",
    publisher = "Editions Honoré Champion",
    address = "Paris, France",
    booktitle = "Penser le lexique-grammaire : perspectives actuelles",
    year = "2014"
}
%%%%%%%%%%%%%%%%%%%%%%%%%%%%%%%%
%%%% END MULTIFLEX .BIB
%%%%%%%%%%%%%%%%%%%%%%%%%%%%%%%%
